<record><leader>00000cas a2200000 a 4500</leader><controlfield tag="001">17796949</controlfield><controlfield tag="008">880415d18951902tnudn ne      0    0eng d</controlfield><datafield ind1=" " ind2=" " tag="010"><subfield code="a">sn 88061073 </subfield></datafield><datafield ind1=" " ind2=" " tag="040"><subfield code="a">KNP</subfield><subfield code="b">eng</subfield><subfield code="c">KNP</subfield><subfield code="d">NLG</subfield><subfield code="d">KNP</subfield><subfield code="d">TGN</subfield><subfield code="d">OCL</subfield><subfield code="d">OCLCQ</subfield><subfield code="d">OCLCF</subfield><subfield code="d">DLC</subfield><subfield code="d">OCLCO</subfield></datafield><datafield ind1=" " ind2=" " tag="042"><subfield code="a">msc</subfield></datafield><datafield ind1=" " ind2=" " tag="043"><subfield code="a">n-us-tn</subfield></datafield><datafield ind1="0" ind2="0" tag="245"><subfield code="a">Daily leaf=chronicle.</subfield></datafield><datafield ind1="1" ind2="3" tag="246"><subfield code="a">Clarksville daily tobacco leaf-chronicle</subfield></datafield><datafield ind1="3" ind2="0" tag="246"><subfield code="a">Leaf=chronicle</subfield></datafield><datafield ind1="1" ind2="7" tag="246"><subfield code="a">Daily tobacco leaf-chronicle</subfield></datafield><datafield ind1=" " ind2=" " tag="260"><subfield code="a">Clarksville, Tenn. :</subfield><subfield code="b">W.W. Barksdale,</subfield><subfield code="c">1895-1902.</subfield></datafield><datafield ind1=" " ind2=" " tag="300"><subfield code="a">v. :</subfield><subfield code="b">ill.</subfield></datafield><datafield ind1=" " ind2=" " tag="310"><subfield code="a">Daily (except Sun.)</subfield></datafield><datafield ind1="0" ind2=" " tag="362"><subfield code="a">Vol. 6, no. 56 (Mar. 13, 1895)-v.8, no. 78 (Apr. 14, 1897) ; 89th year, no. 79 (Apr. 15, 1897)-93rd year no. 394 (June 25, 1902).</subfield></datafield><datafield ind1=" " ind2=" " tag="500"><subfield code="a">Banner: Daily leaf=chronicle, Mar. 13, 1895-Sept. 11, 1900; Daily leaf-chronicle, Sept. 12, 1900-June 25, 1902.</subfield></datafield><datafield ind1=" " ind2=" " tag="515"><subfield code="a">Vol. designation replaced by yearly designation.</subfield></datafield><datafield ind1=" " ind2=" " tag="580"><subfield code="a">Published concurrently with: Semi-weekly tobacco leaf-chronicle, 1895-1896, and: Semi-weekly leaf-chronicle (Clarksville, Tenn.: 1896), 1896-1901.</subfield></datafield><datafield ind1=" " ind2="0" tag="651"><subfield code="a">Clarksville (Tenn.)</subfield><subfield code="v">Newspapers.</subfield></datafield><datafield ind1=" " ind2="0" tag="651"><subfield code="a">Montgomery County (Tenn.)</subfield><subfield code="v">Newspapers.</subfield></datafield><datafield ind1=" " ind2="7" tag="651"><subfield code="a">Tennessee</subfield><subfield code="z">Clarksville.</subfield><subfield code="2">fast</subfield><subfield code="0">(OCoLC)fst01216907</subfield></datafield><datafield ind1=" " ind2="7" tag="651"><subfield code="a">Tennessee</subfield><subfield code="z">Montgomery County.</subfield><subfield code="2">fast</subfield><subfield code="0">(OCoLC)fst01209636</subfield></datafield><datafield ind1=" " ind2="7" tag="655"><subfield code="a">Newspapers.</subfield><subfield code="2">fast</subfield><subfield code="0">(OCoLC)fst01423814</subfield></datafield><datafield ind1=" " ind2=" " tag="752"><subfield code="a">United States</subfield><subfield code="b">Tennessee</subfield><subfield code="c">Montgomery</subfield><subfield code="d">Clarksville.</subfield></datafield><datafield ind1="1" ind2=" " tag="775"><subfield code="t">Semi-weekly tobacco leaf-chronicle</subfield><subfield code="w">(DLC)sn 88061009</subfield></datafield><datafield ind1="1" ind2=" " tag="775"><subfield code="t">Semi-weekly leaf-chronicle (Clarksville, Tenn. : 1896)</subfield><subfield code="w">(DLC)sn 88061079</subfield></datafield><datafield ind1="0" ind2=" " tag="775"><subfield code="t">Weekly leaf chronicle</subfield><subfield code="w">(DLC)sn 88061080</subfield></datafield><datafield ind1="0" ind2="0" tag="780"><subfield code="t">Daily tobacco leaf-chronicle</subfield><subfield code="x">2376-5569</subfield><subfield code="w">(DLC)sn 88061072</subfield><subfield code="w">(OCoLC)17796757</subfield></datafield><datafield ind1="0" ind2="0" tag="785"><subfield code="t">Leaf-chronicle. daily</subfield><subfield code="w">(DLC)sn 88061074</subfield></datafield></record>